@book{bloomfield2014using,
  title={Using R for numerical analysis in science and engineering},
  author={Bloomfield, Victor A},
  year={2014},
  publisher={CRC Press}
}

@book{kleiber2008applied,
  title={Applied econometrics with R},
  author={Kleiber, Christian and Zeileis, Achim},
  year={2008},
  publisher={Springer Science \& Business Media}
}

@book{wooldridge2010econometric,
  title={Econometric analysis of cross section and panel data},
  author={Wooldridge, Jeffrey M},
  year={2010},
  publisher={MIT press}
}

@book{james2013introduction,
  title={An introduction to statistical learning},
  author={James, Gareth and Witten, Daniela and Hastie, Trevor and Tibshirani, Robert},
  volume={112},
  year={2013},
  publisher={Springer}
}

@book{albert2009bayesian,
  title={Bayesian computation with R},
  author={Albert, Jim},
  year={2009},
  publisher={Springer Science \& Business Media}
}

@book{mailund2017beginning,
  title={Beginning Data Science in R: Data Analysis, Visualization, and Modelling for the Data Scientist},
  author={Mailund, Thomas},
  year={2017},
  publisher={Apress}
}

@book{shumway2006time,
  title={Time series analysis and its applications: with R examples},
  author={Shumway, Robert H and Stoffer, David S},
  year={2006},
  publisher={Springer Science \& Business Media}
}

@book{croissant2018panel,
	title={Panel Data Econometrics with R},
	author={Croissant, Yves and Millo, Giovanni and others},
	year={2018},
	publisher={Wiley Online Library}
}
